<record><leader>00000cas a22000007a 4500</leader><controlfield tag="001">17899947</controlfield><controlfield tag="008">880505d18681869nyuwr ne      0    0eng d</controlfield><datafield ind1=" " ind2=" " tag="010"><subfield code="a">sn 89071003 </subfield></datafield><datafield ind1=" " ind2=" " tag="040"><subfield code="a">NYS</subfield><subfield code="b">eng</subfield><subfield code="c">NYS</subfield><subfield code="d">OCLCQ</subfield></datafield><datafield ind1=" " ind2=" " tag="042"><subfield code="a">msc</subfield></datafield><datafield ind1="0" ind2=" " tag="130"><subfield code="a">Advertiser (Dansville, N.Y.)</subfield></datafield><datafield ind1="1" ind2="4" tag="245"><subfield code="a">The advertiser.</subfield></datafield><datafield ind1=" " ind2=" " tag="260"><subfield code="a">Dansville, N.Y. :</subfield><subfield code="b">A.O. Bunnell,</subfield><subfield code="c">1868-1869.</subfield></datafield><datafield ind1=" " ind2=" " tag="300"><subfield code="a">2 v.</subfield></datafield><datafield ind1=" " ind2=" " tag="310"><subfield code="a">Weekly</subfield></datafield><datafield ind1="0" ind2=" " tag="362"><subfield code="a">Vol. 9, no. 415 (July 2, 1868)-v. 10, no. 492 (Dec. 30, 1869).</subfield></datafield><datafield ind1=" " ind2="4" tag="651"><subfield code="a">Dansville (N.Y.)</subfield><subfield code="v">Newspapers.</subfield></datafield><datafield ind1=" " ind2=" " tag="752"><subfield code="a">United States</subfield><subfield code="b">New York</subfield><subfield code="c">Livingston</subfield><subfield code="d">Dansville.</subfield></datafield><datafield ind1="0" ind2="0" tag="780"><subfield code="t">Western New York advertiser</subfield><subfield code="w">(DLC)sn 89071006</subfield><subfield code="w">(OCoLC)17899888</subfield></datafield><datafield ind1="0" ind2="0" tag="785"><subfield code="t">Dansville advertiser (Dansville, New York : 1870)</subfield><subfield code="w">(DLC)sn 89071025</subfield></datafield><datafield ind1="1" ind2=" " tag="029"><subfield code="a">AU@</subfield><subfield code="b">000020544640</subfield></datafield></record>